@misc{schwaber2017scrum,
	title={The Scrum Guide},
	author={Schwaber, Ken and Sutherland, Jeff},
	howpublished={\url{https://www.scrumguides.org/}},
    month={November},
	year={2017}
}

@misc{schwaber2018nexus,
	title={The Nexus Guide},
	author={Schwaber, Ken},
	howpublished={\url{https://www.scrum.org/resources/online-nexus-guide}},
    month={January},
	year={2018}
}